@report{Baltagi2013,
   author = {Badi H. Baltagi},
   title = {Econometric Analysis of Panel Data},
   year = {2013},
}
@article{Park2011,
   author = {Hun Myoung Park},
   journal = {Tutorial Working Paper},
   title = {Practical Guides To Panel Data Modeling: A Step by Step
Analysis Using Stata},
   year = {2011},
}
@article{Cingano2014,
   author = {Federico Cingano},
   doi = {10.1787/5jxrjncwxv6j-en},
   title = {Trends in Income Inequality and its Impact on Economic Growth},
   url = {https://dx.doi.org/10.1787/5jxrjncwxv6j-en},
   year = {2014},
}
